@article{guia_lab,
author = "Departament de termodinàmica",
year = "2022",
title = "Manuals de la UAB",
journal = "Campus Virtual"}
@incollection{Ausloos,
title = {Thermal Conductivity},
editor = {K.H. Jürgen Buschow and Robert W. Cahn and Merton C. Flemings and Bernhard Ilschner and Edward J. Kramer and Subhash Mahajan and Patrick Veyssière},
booktitle = {Encyclopedia of Materials: Science and Technology},
publisher = {Elsevier},
address = {Oxford},
pages = {9151-9155},
year = {2001},
isbn = {978-0-08-043152-9},
doi = {https://doi.org/10.1016/B0-08-043152-6/01650-8},
url = {https://www.sciencedirect.com/science/article/pii/B0080431526016508},
author = {M. Ausloos}
}
@book{CRC,
  author    = {David R. Lide},
  editor    = {David R. Lide},
  title     = {CRC Handbook of Chemistry and Physics, 84th Edition},
  publisher = {CRC Press},
  year      = {2003},
  address   = {Boca Raton, Florida},
  chapter   = {12},
  note      = {Properties of Solids; Thermal and Physical Properties of Pure Metals; Thermal Conductivity of Crystalline Dielectrics; Thermal Conductivity of Metals and Semiconductors as a Function of Temperature}
}
@book{Young,
  author    = {Hugh D. Young and Roger A. Freedman and A. Lewis Ford},
  title     = {Sears and Zemansky's University Physics: With Modern Physics},
  edition   = {13th},
  publisher = {Pearson},
  year      = {2012},
  isbn      = {978-0-321-69686-1},
  note      = {Table 17.5, Section 17.7, Page 571},
}
